@Book{Griesinger2019,
  author    = {Griesinger, Andreas},
  publisher = {Springer Berlin Heidelberg},
  title     = {W{\"a}rmemanagement in der Elektronik : Theorie und Praxis},
  year      = {2019},
  address   = {Berlin, Heidelberg},
  isbn      = {978-3-662-58682-2},
  abstract  = {W{\"a}rmeleitung ist ein Diffusionsprozess in Festk{\"o}rpern und Fluiden, bei dem auf Teilchenebene Energie und Impuls transportiert werden. Die W{\"a}rmeleitf{\"a}higkeit {\$}{\$}{\backslash}lambda{\$}{\$}$\lambda$in W/(mâ€¯K) beschreibt als Stoffgr{\"o}{\ss}e die Energie in Form eines W{\"a}rmestroms, die bei einer anliegenden Temperaturdifferenz durch eine Fl{\"a}che {\$}{\$}A{\$}{\$}Aund Dicke {\$}{\$}d{\$}{\$}dtransportiert wird. Im Gegensatz dazu ist die Temperaturleitf{\"a}higkeit {\$}{\$}a{\$}{\$}ain m{\$}{\$}{\{}{\}}^{\{}2{\}}{\$}{\$}2/s eine dynamische Gr{\"o}{\ss}e. Sie ist ein Ma{\ss} daf{\"u}r, wie schnell sich eine Temperaturst{\"o}rung ausbreitet. Die wesentlichen Gleichungen sind die Fouriersche W{\"a}rmeleitungsgleichung und die Differenzialgleichung der W{\"a}rmeleitung. Mit den gegebenen Rand- und Anfangsbedingungen liefern sie das Temperaturfeld und den {\"u}bertragenen W{\"a}rmestrom im betrachteten Volumen.},
  doi       = {10.1007/978-3-662-58682-2_2},
  url       = {https://doi.org/10.1007/978-3-662-58682-2_2},
}
